<?xml version="1.0" encoding="UTF-8"?><collection xmlns="http://www.loc.gov/MARC21/slim"><record><leader>00537nam--2200157-i-4500</leader><controlfield tag="001">000035023</controlfield><controlfield tag="002">20161230</controlfield><controlfield tag="005">20170128174607</controlfield><controlfield tag="008">060222s1000------------r-----000-0-eng-d</controlfield><datafield ind1=" " ind2=" " tag="100"><subfield code="a">Niessen, K. F</subfield></datafield><datafield ind1=" " ind2=" " tag="245"><subfield code="a">Das verhaeltins von dia und paramagnetismus eines electronengases als function der feldstaerke</subfield><subfield code="b">Eindhoven, Holland, Gepubliceerd In Physica, Juli 1934</subfield></datafield><datafield ind1=" " ind2=" " tag="260"><subfield code="a">Eindhoven</subfield><subfield code="b">Gepubliceerd In Physica</subfield><subfield code="c">1934</subfield></datafield><datafield ind1=" " ind2=" " tag="300"><subfield code="a">783-796 p</subfield></datafield><datafield ind1=" " ind2=" " tag="490"><subfield code="a">Laboratoria Philips. Separat 899</subfield></datafield><datafield ind1=" " ind2=" " tag="852"><subfield code="a">4775</subfield></datafield><datafield ind1=" " ind2=" " tag="CAT"><subfield code="a">SYS</subfield><subfield code="c">20170128</subfield><subfield code="h">174607</subfield></datafield></record></collection>